@article{Dutertre2006,
  title={Integrating simplex with DPLL (T)},
  author={Dutertre, Bruno and De Moura, Leonardo},
  journal={Computer Science Laboratory, SRI International, Tech. Rep. SRI-CSL-06-01},
  year={2006}
}

@inproceedings{Thiemann2018,
  title={Extending a verified simplex algorithm},
  author={Thiemann, Ren{\'e}},
  booktitle={LPAR-22 Workshop and Short Paper Proceedings. Kalpa Publications in Computing},
  volume={9},
  pages={37--48},
  year={2018}
}

@book{Decision2016,
  title={Decision procedures},
  author={Kroening, Daniel and Strichman, Ofer},
  year={2016},
  publisher={Springer}
}

